2532 4336
1039 257 1060 326 ὅ
1121 243 1127 256 .

111 449 167 524 μᾶς
186 451 370 540 {pistorem
404 449 467 516 εἴτε
492 448 551 514 καὶ
568 445 663 516 πάνυ
679 449 872 540 ἔρρωνται,
896 451 936 520 ro*
951 448 1018 530 tritt
1030 447 1060 528 lt

110 573 169 661 τῂν
187 575 260 662 pp‘v
291 573 399 662 pudo
423 584 486 640 etc.
507 584 541 642 ot
558 572 726 642 sexcentis
741 588 878 666 praeter
892 575 996 644 hosce
1006 575 1061 644 lo-

109 694 157 766 cis.
205 697 327 770 Etiam
349 690 533 787 Neophyti
552 695 675 764 Ducae
696 693 732 764 in
750 695 959 790 explicandis
972 693 1063 766 locis

108 817 300 910 diligentia,
325 841 414 911 quae
432 817 564 890 nemini
579 817 927 916 uonproltabuntur,
952 819 1064 894 mulla

108 941 256 1030 exponit,
284 963 502 1033 quamquam
520 939 661 1008 criticae
679 940 761 1010 artis
777 941 887 1036 magis
895 940 1062 1014 scientem
1086 1031 1091 1042 Ι

108 1060 283 1150 optaveris.
330 1063 389 1132 De
409 1058 540 1132 Reistii
564 1061 766 1136 orationum
788 1063 949 1133 versione
967 1081 1063 1132 nune
1121 1141 1124 1146 ¹
1213 1153 1216 1163 ι

105 1205 260 1272 perrara,
294 1185 364 1253 hoe
384 1181 466 1254 satis
488 1197 539 1252 est
555 1153 697 1266 dixisse,
722 1184 785 1256 etsi
801 1187 944 1278 copiosa
957 1183 1063 1262 nituit

107 1303 144 1420 sit
158 1318 190 1372 et
204 1305 348 1376 odiosae
366 1304 474 1378 nimia
486 1304 703 1376 affectatione
713 1307 921 1401 elegantiae,
945 1312 1065 1382 tamen

107 1427 278 1518 scriptoris
296 1427 334 1496 in
350 1449 390 1496 ea
406 1429 561 1500 mentem
577 1426 725 1521 reperiri
742 1442 841 1504 acute
857 1442 891 1504 et
904 1426 1065 1522 ingenio-

108 1569 138 1614 se
150 1547 403 1648 investigatam.
454 1552 619 1622 Ceterum
637 1534 729 1622 inter
742 1549 825 1632 alia,
851 1573 941 1644 quae
957 1573 1066 1642 opor·

94 1667 209 1750 tabat,
245 1670 397 1746 Sallustii
423 1670 560 1745 libellos
588 1660 659 1740 du'o
675 1671 782 1740 simul
794 1671 975 1764 legebam,
1000 1669 1064 1766 qui

109 1810 209 1880 quum
233 1793 451 1890 Thucydidis
472 1793 539 1864 sibi
552 1793 734 1867 historiam
753 1793 990 1888 proposuisset
1005 1817 1064 1866 ex-

29 1971 30 1977 ,
108 1915 234 2007 amplat
248 1938 367 2008 neque
384 1915 574 1987 dubitasset
589 1915 708 1987 multis
720 1917 807 1985 locis
824 1915 1064 2010 integrasred·

109 2033 180 2106 dere
199 2053 235 2108 et
248 2038 406 2110 eirlsdem
421 2039 609 2112 sententias
624 2051 661 2108 et
673 2041 890 2130 Graecorum
904 2038 1065 2134 proprias
1147 2037 1153 2061 ⁸

111 2160 401 2243 constructiones,
437 2161 519 2238 inde
549 2157 719 2240 nonnulla
751 2175 938 2260 expromta
962 2161 1064 2244 attuli

110 2285 369 2382 comparationis
384 2308 496 2357 eausa.

193 2409 317 2481 Visum
343 2423 395 2482 est
417 2411 517 2480 locos
541 2433 581 2480 ex
605 2407 753 2506 reliquis
778 2406 880 2481 libris
893 2407 1065 2506 attingere

28 2545 30 2565 ¹
110 2549 254 2619 paucosa
273 2531 404 2604 diutius
419 2531 551 2608 versari
568 2533 605 2608 in
619 2533 820 2619 laudatione
835 2532 893 2604 illa
911 2533 1065 2606 celeber·

110 2650 189 2725 rima
210 2681 231 2724 a
249 2632 507 2737 Pericledicta,
533 2679 639 2751 ptam
653 2679 712 2728 me
726 2657 914 2758 sexcenties
927 2659 1065 2752 perlec-

111 2775 332 2874 tam,cupido⁸
354 2793 450 2850 tenet
471 2778 560 2848 mira
586 2779 690 2852 etiam
708 2793 817 2874 atque
840 2780 945 2850 etiam
962 2801 1065 2874 repe·

111 2903 208 2976 tendi.
259 2903 401 2972 Etenim
422 2903 724 2996 comparationem
749 2901 932 2996 utriusque
945 2901 1066 2974 civita·

112 3021 149 3092 tis
160 3041 252 3096 tanta
268 3040 343 3100 arte
361 3025 487 3100 factam
494 3025 574 3126 quis
585 3040 654 3108 est,
681 3024 830 3126 quinon
845 3022 1064 3104 admiretur?

40 3212 42 3223 .
113 3145 189 3240 Quis
219 3165 288 3233 est,
328 3148 389 3245 qni
416 3147 710 3243 praestantiorem
738 3163 798 3218 aut
826 3149 980 3220 inveniat
1006 3161 1084 3222 aut*

27 3259 28 3278 ³
111 3271 283 3361 perficiat?
316 3273 434 3367 Atque
467 3269 654 3362 descriptio
682 3269 821 3340 virtutis
843 3273 1066 3364 praeclarae,

111 3393 237 3485 pietatis
259 3395 296 3464 in
318 3393 488 3488 patriam,
520 3391 637 3466 lamae
657 3391 804 3463 honeste
829 3391 929 3464 saetis
944 3407 1067 3488 partae

112 3515 256 3614 sispitem
278 3541 356 3587 non
375 3515 562 3599 arrexsrit,
586 3537 659 3586 non
671 3513 963 3604 inflammaverit,
982 3525 1067 3588 eum
1107 3513 1114 3520 ’

111 3643 287 3734 appellabo
299 3640 470 3734 pravitate
485 3653 711 3734 corruptum,
739 3637 838 3708 omni
853 3620 998 3712 omnino
1008 3662 1067 3710 oa-

111 3780 236 3835 rentem
250 3787 367 3837 sensu.
419 3763 532 3858 Igitur
551 3787 664 3862 pauca
680 3749 778 3844 sunt,
804 3763 847 3830 de
860 3760 1070 3856 quibusdis-

110 3903 225 3981 putare
247 3885 361 3972 volui3
393 3887 496 3982 plura
517 3909 560 3958 ex
581 3884 623 3958 iis
638 3907 762 3958 omnes
777 3882 979 3984 requirent,
1004 3882 1068 3981 qui
1094 3977 1096 3994 Ι
