2532 4336
1018 235 1068 319 *9

25 421 26 428 ’
110 372 377 518 languidior,
348 447 379 494 ιι
399 418 488 518 quid
505 401 619 496 sentio
635 415 739 493 foret
789 417 875 490 Plus
891 419 985 491 enim
1000 423 1066 494 ista

109 545 177 614 sibi
203 544 305 639 quasi
328 547 561 638 opposita-
584 544 622 614 in
644 567 706 615 ros
730 543 810 614 odio
831 553 974 626 vestro,
998 547 1065 618 mi·

110 681 259 772 nentur,
291 689 399 762 qtrom
421 679 609 762 praestant
668 665 708 734 ln
726 667 832 736 talem
855 665 970 736 sermo
954 690 1066 737 mo·

112 927 226 986 vestro
242 912 444 989 aRomonis
462 911 555 982 locta
570 910 759 982 credatisl·
803 983 806 988 ,

203 1034 311 1129 Fugit
338 1033 467 1128 opinor
488 1033 696 1126 interpretes
715 1034 808 1105 Livii
814 1039 1068 1130 ⁸recentiores,

112 1144 213 1240 etiam
229 1156 404 1228 illustrem
419 1155 648 1227 historiarum
663 1159 871 1252 scriptorem
892 1163 1070 1234 Gotones

118 1303 186 1358 um
209 1280 305 1350 hunc
329 1279 454 1350 locum
475 1278 674 1350 coniectura
697 1281 888 1374 oliquondo
912 1295 1073 1360 tentasse.

29 1415 30 1423 ’
113 1398 267 1496 Enarrat
281 1401 379 1471 enim
396 1401 435 1472 in
455 1400 731 1483 commentariis,
758 1425 847 1497 quos
864 1405 908 1474 de
921 1427 985 1476 sua
998 1383 1072 1482 vita

109 1523 341 1618 conscripsit,
373 1524 541 1614 sepuniua
569 1524 745 1595 litterulae
772 1529 966 1599 mutatione
986 1530 1100 1602 huic.

114 1648 194 1718 loco
218 1669 319 1716 suam
341 1646 526 1719 sanitatem
546 1647 756 1731 restituisse3
787 1663 923 1720 mutato
944 1675 1074 1752 nempe

25 1761 27 1764 ⁵
116 1769 231 1840 odio
220 1793 258 1837 ιιι
287 1770 382 1850 otio,·
412 1769 506 1839 addit
525 1785 642 1840 autem
665 1793 702 1842 se
719 1795 818 1842 suam
838 1772 1074 1880 coniecturam

110 789 190 880 dum
216 791 400 864 Hannibal
423 791 610 860 locuturus
635 787 773 862 finisset:
799 811 866 860 nec
889 813 965 861 esse
982 785 1083 863 odio*
1135 749 1152 800 t
1179 825 1218 859 .··

115 1894 245 1964 iudicio
265 1895 437 1964 Crevierii
451 1895 659 1980 subiecisse,
684 1897 800 1990 quiin
815 1899 910 1969 hunc
919 1873 1073 1970 modum
1145 1933 1149 1946 ·

78 2041 80 2044 ·
118 1997 350 2110 rescripserit.
399 2017 501 2086 luvet
517 2017 644 2088 harum
666 2013 866 2088 litterarum
884 2019 1074 2089 admodum

120 2139 256 2208 urbane
270 2153 305 2208 et
319 2138 414 2209 haud
427 2138 569 2211 indocte
579 2140 791 2234 scriptarum
800 2141 1001 2233 exemplum
1012 2143 1074 2211 ad-

120 2286 266 2359 ponere.
346 2266 352 2294 ’

215 2388 318 2458 leue
333 2385 413 2480 puis
430 2393 491 2482 qu'
504 2378 584 2458 titre
592 2354 673 2458 treis
685 2385 836 2458 sensible
849 2409 916 2457 oux
927 2385 1079 2481 temoig-

120 2485 290 2606 afflgoed
297 2509 439 2593 estimo,
463 2512 551 2581 dont
564 2533 652 2580 vous
667 2513 796 2581 voulez
813 2510 897 2582 bien
911 2533 967 2580 me
981 2533 1115 2580 comm
1184 2547 1185 2552 ι

124 2632 223 2714 bler,
255 2631 416 2726 quoique
435 2628 470 2727 je
492 2634 562 2704 sois
582 2631 656 2704 fort
678 2626 822 2727 (iloignd
846 2633 888 2704 de
901 2633 952 2702 les
969 2652 1078 2725 pren
1082 2731 1086 2736 Ι

86 2847 90 2849 -
125 2733 233 2828 drea
252 2753 290 2823 la
314 2751 435 2835 lettre,
461 2769 496 2824 et
512 2757 555 2826 de
570 2777 627 2854 me
643 2757 809 2851 regarder
821 2775 960 2824 comme
975 2777 1026 2822 un
1041 2773 1081 2823 ο-
1164 2776 1168 2787 ·

127 2878 232 2970 racle.
283 2853 413 2946 Mais
400 2900 435 2972 Je
454 2877 526 2948 suis
547 2841 691 2950 homme
705 2878 800 2959 urei,
826 2890 861 2946 et
873 2887 940 2970 par
952 2868 989 2945 tt
1005 2869 1083 2945 mle

128 3027 203 3084 me,
234 3000 298 3096 qui
313 3002 405 3071 aime
420 3027 441 3072 o
424 2995 605 3103 profiter
620 3004 679 3074 des
694 2996 876 3083 lumi'eres,
911 3001 1018 3094 quel’
1033 3021 1084 3069 ou

131 3129 202 3198 ala
224 3119 337 3198 horte
359 3128 401 3198 de
418 3151 475 3200 me
493 3115 781 3224 communiquer.
829 3123 944 3206 tirsi,
970 3124 1083 3194 Mon

133 3249 244 3333 sieur,
264 3247 311 3346 je
315 3251 431 3348 repois
443 3275 529 3324 avec
543 3267 642 3324 toute
656 3252 690 3323 la
705 3248 913 3321 satisfaction
926 3228 1083 3340 possible
1174 3297 1196 3322 .,

132 3371 180 3442 l’'
169 3373 376 3468 ingenieuse
391 3371 597 3469 conjecture
614 3397 683 3470 que
700 3395 787 3452 vous
801 3389 977 3464 proposez
992 3389 1086 3460 pour

132 3495 158 3566 l'
170 3495 465 3580 eolaircissement
480 3499 513 3567 d’
528 3522 578 3567 uu
590 3519 733 3592 passage
743 3497 785 3564 de
794 3489 1011 3603 Tite-Lir¹e3
1023 3497 1101 3588 'sur
1140 3537 1150 3562 ι

135 3618 253 3712 lequel
266 3616 303 3714 je
316 3615 353 3688 η’
367 3619 463 3707 orois
477 3643 543 3714 pus
558 3625 617 3714 qu’
634 3615 710 3690 &tre
725 3606 936 3686 emborosse.
983 3613 1014 3682 l'
1029 3611 1090 3680 od-

25 3815 26 3858 }
140 3754 220 3836 opte
238 3755 353 3816 tontes
377 3763 440 3813 ros
455 3743 712 3828 observamus,
736 3753 816 3813 tous
828 3760 892 3811 roo
908 3731 1092 3810 roisoortc·

609 3879 635 3944 4
