2532 4336
1008 233 1052 302 51

88 433 201 506 einem
248 431 366 505 Valer
404 439 574 510 stamma,
621 445 696 500 was
735 423 783 495 du
816 421 1058 520 rerslindiges

90 558 280 652 sprielrsl“.
295 553 338 644 *)
371 551 554 646 Quidquid
569 548 619 620 sio
633 549 834 644 appositum
847 549 961 632 uides,
980 562 1059 618 aas·

91 679 228 750 theticis
253 689 345 773 puta
365 675 541 744 inclusum
567 671 715 766 virgulis
731 693 814 744 esse.
864 669 1059 766 Hicigilur

90 803 226 874 relativi
241 823 332 870 usus
351 819 393 868 ex
407 794 561 868 Homeri
576 807 687 864 aelate
700 793 747 864 ita
762 793 913 865 obtinuit
921 795 959 864 in
973 815 1058 888 pos·

90 928 220 998 teriora
244 937 430 1015 tempora,
467 893 508 988 nt
536 919 558 984 ὅ
581 917 728 1010 simplex
745 929 885 988 tantum
908 915 1057 1014 poetae,

90 1049 116 1119 si
131 1068 307 1119 sermone
321 1042 488 1114 volebant
501 1038 553 1111 usi
571 1035 788 1124 Homerico,
815 1064 897 1112 raro
913 1041 1057 1136 quidem

91 1181 333 1264 usurparent3
369 1165 477 1236 ceteri
505 1185 592 1232 vero
613 1175 654 1232 ut
674 1161 804 1237 addere
825 1187 858 1230 τι
881 1166 1059 1246 solerent.

94 1291 275 1390 originem
290 1306 410 1362 tamen
425 1286 613 1359 locutionis
627 1298 731 1380 atque
747 1285 900 1356 indolem
909 1286 1061 1358 nonmi·
1162 1353 1167 1360 .

94 1442 182 1501 nus,
215 1439 330 1512 quam
351 1403 523 1498 Germani
539 1409 716 1505 Anglique
733 1409 830 1482 vocis
844 1412 950 1502 dass,
975 1413 1061 1486 thot

94 1556 129 1611 et
142 1540 269 1612 Latini
289 1537 384 1610 vocis
396 1512 515 1631 quod,
540 1536 669 1606 sensim
686 1533 886 1630 sensimque
901 1537 1061 1634 neglige-

92 1677 178 1734 rent
192 1675 228 1732 et
244 1660 559 1742 obliviscerenmr5
578 1656 675 1726 unde
688 1655 840 1739 sacmm,
861 1671 901 1729 ut
915 1660 952 1742 ὅ,
971 1685 1004 1726 τι
1018 1645 1059 1730 in

98 1783 411 1864 coniunctionum,
436 1805 523 1875 quas
538 1793 683 1861 vocant,
709 1803 858 1851 numero
869 1781 1062 1853 haberetur

97 1927 132 1983 et
153 1927 175 1980 a
198 1909 453 1980 Grammaticis
471 1909 526 1974 ὅτι
537 1908 765 1978 scriberetur.
815 1907 870 1978 De
886 1908 909 1974 ὅ
923 1909 1066 1984 Ηοηιο-’

98 2031 177 2101 rico
195 2031 224 2100 si
239 2031 318 2123 quis
330 2053 447 2113 meam
465 2030 509 2099 ad
525 2029 734 2100 sententiam
749 2027 912 2122 proxime
926 2029 1063 2104 indice·

102 2167 177 2223 tam
194 2152 245 2224 ita
259 2175 333 2223 sese
353 2149 559 2246 profiteatur
576 2173 820 2232 accessurum,
846 2149 874 2220 si
892 2175 1064 2224 numerus

102 2272 330 2370 pronominis
347 2287 381 2344 et
399 2295 508 2372 genus
525 2273 619 2344 idem
633 2286 739 2364 alque
754 2270 983 2364 appositionis
997 2271 1064 2342 sits

102 2420 186 2468 eum
207 2395 254 2466 ad
275 2393 555 2464 innumerabiles
577 2393 790 2487 scriptorum
814 2390 1065 2486 delegaboslo·

104 2539 185 2599 eoa,
225 2539 296 2587 neo
320 2512 440 2586 minus
462 2515 505 2584 de
527 2515 732 2616 linguarum
757 2527 883 2586 nutura
907 2515 1064 2588 monebo

103 2637 251 2710 rudium
274 2640 426 2708 necdum
452 2637 850 2731 omninoexqultarum,
876 2661 968 2732 quae
981 2639 1068 2710 uni-⁴

102 2773 231 2832 'uersae
247 2762 380 2832 minus
408 2760 478 2832 sint
508 2760 626 2855 quoad
655 2740 769 2854 'genus
801 2783 1066 2856 numerumque

104 2871 285 2954 delinitae.
332 2885 459 2976 Neque
474 2881 519 2952 ab
533 2903 574 2954 re
588 2901 661 2952 esse
675 2881 763 2952 mihi
775 2881 906 2966 visum,
933 2883 1066 2956 afferre

100 3005 204 3076 locos
229 3006 466 3104 Thucydidis,
500 3027 589 3102 quos
614 3005 714 3100 aplos
734 3003 970 3078 Heilmonnus
990 3029 1067 3080 esse
1139 3101 1145 3111 .

105 3113 277 3212 ducebat,
303 3129 430 3224 quibus
453 3143 632 3224 argueret,
656 3126 951 3224 praeposiu'omm
973 3129 1065 3196 κατὰ

105 3271 190 3320 esse
211 3249 478 3346 intelligendum
505 3253 549 3326 ad
574 3249 818 3346 dqpronomen
837 3249 875 3322 in
894 3249 960 3320 illo
982 3252 1066 3322 loco
1125 3307 1128 3314 .

146 3471 182 3546 ⁴)
205 3469 274 3524 Not.
294 3469 413 3527 Confer.
427 3469 513 3525 eliam
527 3467 644 3526 Sallust.
659 3466 721 3525 Get.
734 3465 872 3531 elmodad
885 3465 956 3525 nihl
971 3467 1068 3526 multo

188 3569 314 3644 legenti,
342 3572 435 3624 multo
461 3571 606 3633 audienti,
635 3585 711 3641 ,quus
737 3567 865 3639 populns
883 3567 966 3624 llam.
982 3567 1070 3624 domi

191 3667 385 3741 militiaeque,
404 3672 475 3743 mari
494 3671 582 3743 elque
594 3681 672 3726 terre
687 3669 841 3741 praeclaro
848 3667 986 3738 facinore
1000 3669 1069 3724 lecit

139 3797 144 3802 ·
192 3780 264 3824 stem
280 3769 346 3832 ubl,
365 3780 400 3824 ut
411 3771 474 3826 aliis
486 3771 567 3844 apud
579 3768 804 3833 eundemloris,
824 3759 975 3839 inaquam
989 3767 1069 3829 uida·

195 3856 258 3924 no·
272 3868 432 3942 orationem
444 3869 615 3931 secessum.

276 4117 278 4124 x
312 4070 325 4104 Ι
