2532 4336
28 29 40 387 i

1049 255 1075 336 9

108 463 130 507 π
137 463 181 528 ρε
189 465 203 515 5
211 433 328 520 βυτέ
333 438 438 528 pons
460 437 681 530 ἀποστρέψῃ.
737 437 779 508 In
799 459 934 534 genere
953 436 1076 510 dictio·

107 563 160 632 nis
181 564 228 626 τὰ
250 563 355 628 ἄλλα
377 561 559 632 neminem
573 564 682 632 credo
701 584 796 645 esse,
822 563 885 658 qui
901 562 1075 646 offendat,

106 681 133 751 si
145 673 416 774 pronominum
432 682 497 774 (et
509 681 791 783 adiectivorum)
806 682 844 754 in
858 695 995 757 neutro
1013 709 1075 780 ge·

103 828 191 874 nere
206 805 414 899 positorum
424 805 704 876 consideraverit
715 829 819 877 nsum
833 821 904 878 tam
919 809 1076 882 liberum

104 927 231 1010 illum,
261 945 302 999 ut
318 953 390 1000 non
404 929 518 1024 possis
533 953 608 1000 non
623 927 803 1012 confiteri,
828 931 889 1002 illa
904 931 983 1005 sere
999 957 1076 1006 esse

105 1054 263 1123 omnino
275 1053 577 1124 substantivorum
586 1053 667 1124 loco
685 1053 814 1126 habita.
864 1057 949 1128 Ideo
962 1081 1076 1152 quum

103 1178 146 1248 ad
159 1178 359 1270 utriusque
374 1178 517 1272 generis
534 1192 682 1270 possunt
695 1178 910 1252 substantiva
926 1181 1076 1266 referri,

105 1313 191 1370 mm
199 1324 279 1369 non
291 1300 408 1370 minus
419 1315 502 1370 sunt
515 1301 559 1370 ad
571 1301 745 1374 notandos
757 1303 921 1374 homines
933 1303 1077 1390 idonea;

105 1437 146 1494 ut
159 1423 333 1518 Thucyd.
347 1423 406 1494 Vl.
422 1437 479 1516 39.
500 1421 596 1512 Ἐγὼ
612 1420 649 1492 δέ
661 1447 771 1516 φημι,
793 1430 917 1514 πρῶτα
929 1429 995 1502 μὲν
1010 1424 1075 1518 δῇ.

107 1571 180 1626 μον
206 1549 361 1624 idunan
383 1548 621 1626 ὠνομάσθαι,
652 1549 875 1638 ὀλιγαρχίαν
899 1545 1075 1642 diuinos·

107 1673 228 1740 ἔπειτα
247 1669 407 1761 φύλακας
419 1669 485 1744 μὲν
503 1670 668 1758 ἀρίστους
683 1668 773 1736 εἶναι
785 1673 986 1762 χρῃμάὶων
998 1677 1077 1750 τούς

110 1799 328 1875 πλουσίους,
352 1791 550 1873 βουλεῦσαι
571 1786 600 1856 δ’
623 1789 669 1858 ἄν
691 1793 858 1874 βέλτιστα
876 1799 956 1874 τούς
975 1799 1077 1870 Eous.

110 1921 213 1999 τούς,
240 1926 359 2008 κρῖναι
375 1912 411 1982 ’δ’
434 1899 479 1981 riv
502 1915 724 1992 ἀκούσαντας
743 1918 871 2008 ἄριστα
889 1921 967 1996 τούς
984 1927 1073 2017 not.

113 2022 219 2118 toas·
241 2044 301 2110 καὶ
316 2042 396 2108 ταῦ
405 2053 458 2106 τά
476 2042 608 2118 ὁμοίως
624 2041 684 2108 noi
696 2043 786 2114 nard
796 2046 886 2136 μέρι)
901 2047 961 2112 καὶ
972 2037 1076 2122 &riis-

114 2191 263 2232 παντα
293 2169 329 2232 ἐν
353 2161 575 2255 §pecunaria
600 2169 807 2254 ἰσομοιρεῖν.
857 2169 909 2244 Cf.
934 2171 994 2242 VI.
1019 2189 1076 2252 Π.

116 2289 227 2362 Plura
243 2293 310 2362 hac
329 2292 374 2364 de
391 2314 431 2366 re
447 2287 622 2364 Matthiae
637 2289 783 2362 Gr.·Gr.
801 2287 835 2388 §.
851 2305 935 2384 439.

218 2415 414 2497 Eversius,
452 2411 554 2483 euius
581 2411 624 2484 de
653 2413 844 2486 Prooemio
876 2415 1077 2513 Thucydid.

17 2533 18 2568 ³
117 2539 400 2611 dissertationem
421 2536 628 2632 inspiciendi
651 2537 772 2632 paullo
785 2537 897 2611 serius
910 2541 998 2612 mihi
1017 2563 1078 2612 ce·

117 2663 174 2756 pia
194 2661 328 2736 Wolfii
339 2661 408 2734 viri
424 2661 605 2732 clarissimi
619 2657 795 2736 beneficio
811 2675 878 2741 est,
903 2663 1007 2736 alium
1021 2664 1078 2736 in·

16 2865 22 2872 ‚
119 2788 276 2884 graditur
298 2786 412 2864 viam,
444 2785 529 2856 niihi
549 2785 692 2880 quidem
710 2785 855 2858 minime
870 2785 1079 2880 probatum,

117 2913 224 2982 hanc:
250 2909 321 2996 „Et
335 2932 421 2982 vero
434 2909 518 2980 hnic
532 2906 741 2988 sententiae,
775 2933 870 3003 quae
887 2907 1077 3010 affirmat,
1140 2907 1145 2914 ’

118 3035 342 3130 migrationes
361 3033 400 3103 in
416 3057 517 3104 causa
530 3031 655 3110 fuisse,
681 3057 748 3104 eur
763 3031 936 3104 Graeciae
951 3032 1076 3104 civita-

26 3165 29 3174 “
119 3172 170 3229 tes
192 3160 230 3228 in
244 3155 369 3229 ceteris
385 3157 509 3236 rebus,
533 3156 556 3226 i.
573 3180 603 3226 c.
623 3157 775 3226 urbium
789 3153 1075 3250 magnitudine,

16 3315 20 3394 ῑΡ
122 3284 333 3352 incolarum
343 3275 583 3378 frequentia,
615 3281 747 3371 opibus
772 3291 838 3348 etc.
861 3301 1076 3372 nonperae*

16 3401 18 3408 ’
121 3429 188 3500 que
203 3431 230 3475 s.
254 3424 382 3475 omnes
400 3403 677 3506 eodemmodo,
701 3401 767 3474 sed
776 3395 984 3496 feraciores
1002 3398 1077 3472 mia

17 3569 18 3576 κ
122 3555 208 3614 nus,
236 3529 456 3609 steriliores,
482 3537 533 3598 nt
555 3529 701 3610 Attice,
735 3525 875 3620 magis,
910 3525 1076 3598 increve-

16 3624 17 3666 ³
121 3655 213 3734 rint,
238 3675 312 3722 non
329 3647 506 3723 levissimo
523 3631 732 3722 documento
747 3663 798 3720 est
811 3648 913 3720 hoc“·
944 3645 1077 3741 Atpri-

16 3769 17 3855 J
121 3797 218 3863 mum
232 3774 401 3845 Graeciae
416 3773 595 3870 regiones,
621 3770 914 3868 exceptaAttica,
934 3767 1074 3842 diutur-

16 3891 18 3917 '
119 3897 171 3976 nia
198 3897 425 3974 seditionibus
449 3922 490 3974 ao
512 3896 779 3996 migrationibus
799 3905 979 4000 vexatas,
1001 3915 1074 3989 quo
